% This file was created with JabRef 2.8.1.
% Encoding: UTF8

@article{Blei,
 author = {Blei, David M. and Ng, Andrew Y. and Jordan, Michael I.},
 title = {Latent Dirichlet Allocation},
 journal = {J. Mach. Learn. Res.},
 issue_date = {3/1/2003},
 volume = {3},
 month = mar,
 year = {2003},
 issn = {1532-4435},
 pages = {993--1022},
 numpages = {30},
 url = {http://dl.acm.org/citation.cfm?id=944919.944937},
 acmid = {944937},
 publisher = {JMLR.org},
} 

@article{heinrich2005parameter,
  added-at = {2009-09-10T09:28:41.000+0200},
  author = {Heinrich, G.},
  biburl = {http://www.bibsonomy.org/bibtex/253342b5f95d19b270d200603d53ec18a/folke},
  interhash = {dbfae9d80facacc023f9a057930699ec},
  intrahash = {53342b5f95d19b270d200603d53ec18a},
  journal = {Web: http://www. arbylon. net/publications/text-est. pdf},
  keywords = {bayesian introduction lda tutorial},
  timestamp = {2009-09-10T14:10:27.000+0200},
  title = {{Parameter estimation for text analysis}},
  url = {http://scholar.google.de/scholar.bib?q=info:oe4R2fGvQaMJ:scholar.google.com/&output=citation&hl=de&ct=citation&cd=0},
  year = 2005
}

@book{steyvers,
  author = {M. Steyvers and T. Griffiths},
  title = {{Probabilistic topic models}},
  publisher = "Handbook of Latent Semantic Analysis",
  volume= "427",
  year = 2007
}


@article {paa94,
author = {Paatero, Pentti and Tapper, Unto},
title = {Positive matrix factorization: A non-negative factor model with optimal utilization of error estimates of data values},
journal = {Environmetrics},
volume = {5},
number = {2},
publisher = {John Wiley & Sons, Ltd.},
issn = {1099-095X},
url = {http://dx.doi.org/10.1002/env.3170050203},
doi = {10.1002/env.3170050203},
pages = {111--126},
keywords = {Factor analysis, Principal component analysis, Weighted least squares, Alternating regression, Error estimates, Scaling, Repetitive measurements},
year = {1994},
}


@article{lee99,
  added-at = {2009-09-09T09:12:51.000+0200},
  author = {Lee, Daniel D. and Seung, H. Sebastian},
  biburl = {http://www.bibsonomy.org/bibtex/2ba1100135fbba9782a6052b95e6f9b05/folke},
  interhash = {b293699f3a0541bd6fb1b10d7f9410ac},
  intrahash = {ba1100135fbba9782a6052b95e6f9b05},
  journal = {Nature},
  key = {Lee and Seung},
  keywords = {clustering factorization matrix multi toread view},
  pages = {788--791},
  timestamp = {2009-09-09T09:12:51.000+0200},
  title = {Learning the parts of objects by nonnegative matrix factorization},
  volume = 401,
  year = 1999
}

@article{similarity,
  added-at = {2010-01-10T13:17:50.000+0100},
  author = {Huang, A.},
  biburl = {http://www.bibsonomy.org/bibtex/22731fc9ee66915a56f9ee14f1436aabf/cdevries},
  booktitle = {Proceedings of the Sixth New Zealand Computer Science Research Student Conference (NZCSRSC2008), Christchurch, New Zealand},
  interhash = {b05294a51336b00c449ecaeb25940212},
  intrahash = {2731fc9ee66915a56f9ee14f1436aabf},
  keywords = {clustering measures},
  pages = {49--56},
  timestamp = {2010-01-10T13:17:50.000+0100},
  title = {{Similarity measures for text document clustering}},
  url = {http://scholar.google.com.au/scholar.bib?q=info:enBKVjSSXjQJ:scholar.google.com/&output=citation&hl=en&as_sdt=2000&ct=citation&cd=0},
  year = 2008
}

@Inproceedings {microblogs,
author       = {Daniel Ramage and Susan Dumais and Dan Liebling},
booktitle    = {Proc. ICWSM 2010},
month        = {May},
publisher    = {American Association for Artificial Intelligence},
title        = {Characterizing Microblogs with Topic Models},
url          = {http://research.microsoft.com/apps/pubs/default.aspx?id=131777},
year         = {2010},
}

@inproceedings{improving,
  added-at = {2014-08-11T10:08:42.000+0200},
  author = {Mehrotra, Rishabh and Sanner, Scott and Buntine, Wray and Xie, Lexing},
  biburl = {http://www.bibsonomy.org/bibtex/2d2f25b5ce923902f34b6c6ed820c8b96/schwemmlein},
  booktitle = {Proceedings of the 36th international ACM SIGIR conference on Research and development in information retrieval},
  interhash = {e4fb1c5c8b428570e12f7569e22fe684},
  intrahash = {d2f25b5ce923902f34b6c6ed820c8b96},
  keywords = {lda microblog models topic twitter},
  organization = {ACM},
  pages = {889--892},
  timestamp = {2014-08-11T10:09:21.000+0200},
  title = {Improving lda topic models for microblogs via tweet pooling and automatic labeling},
  year = 2013
}

@article{Han,
 author = {Han, Bo and Cook, Paul and Baldwin, Timothy},
 title = {Lexical Normalization for Social Media Text},
 journal = {ACM Trans. Intell. Syst. Technol.},
 issue_date = {January 2013},
 volume = {4},
 number = {1},
 month = feb,
 year = {2013},
 issn = {2157-6904},
 pages = {5:1--5:27},
 articleno = {5},
 numpages = {27},
 url = {http://doi.acm.org/10.1145/2414425.2414430},
 doi = {10.1145/2414425.2414430},
 acmid = {2414430},
 publisher = {ACM},
 address = {New York, NY, USA},
 keywords = {Text analysis, lexical normalization, microblog, short text message, text preprocessing},
} 

@inproceedings{Hong
 author = {Hong, Liangjie and Davison, Brian D.},
 title = {Empirical Study of Topic Modeling in Twitter},
 booktitle = {Proceedings of the First Workshop on Social Media Analytics},
 series = {SOMA '10},
 year = {2010},
 isbn = {978-1-4503-0217-3},
 location = {Washington D.C., District of Columbia},
 pages = {80--88},
 numpages = {9},
 url = {http://doi.acm.org/10.1145/1964858.1964870},
 doi = {10.1145/1964858.1964870},
 acmid = {1964870},
 publisher = {ACM},
 address = {New York, NY, USA},
 keywords = {Twitter, social media, topic models},
}

@inproceedings{chang,
  added-at = {2009-07-02T00:00:00.000+0200},
  author = {Chang, Jonathan and Boyd-Graber, Jordan L. and Blei, David M.},
  biburl = {http://www.bibsonomy.org/bibtex/2fe07f0fc596eecc140f471f8e38ceffa/dblp},
  booktitle = {KDD},
  crossref = {conf/kdd/2009},
  date = {2009-07-02},
  description = {dblp},
  editor = {IV, John F. Elder and Fogelman-Soulié, Françoise and Flach, Peter A. and Zaki, Mohammed},
  ee = {http://doi.acm.org/10.1145/1557019.1557044},
  interhash = {91c2d0e9a6625bc92333180b41b9c579},
  intrahash = {fe07f0fc596eecc140f471f8e38ceffa},
  isbn = {978-1-60558-495-9},
  keywords = {dblp},
  pages = {169-178},
  publisher = {ACM},
  timestamp = {2009-08-18T11:34:46.000+0200},
  title = {Connections between the lines: augmenting social networks with text.},
  url = {http://dblp.uni-trier.de/db/conf/kdd/kdd2009.html#ChangBB09},
  year = 2009
}

@inproceedings{McCallum,
 author = {McCallum, Andrew and Wang, Xuerui and Mohanty, Natasha},
 title = {Joint Group and Topic Discovery from Relations and Text},
 booktitle = {Proceedings of the 2006 Conference on Statistical Network Analysis},
 series = {ICML'06},
 year = {2007},
 isbn = {978-3-540-73132-0},
 location = {Pittsburgh, PA, USA},
 pages = {28--44},
 numpages = {17},
 url = {http://dl.acm.org/citation.cfm?id=1768341.1768345},
 acmid = {1768345},
 publisher = {Springer-Verlag},
 address = {Berlin, Heidelberg},
} 

@inproceedings{Zhang,
 author = {Zhang, Haizheng and Giles, C. Lee and Foley, Henry C. and Yen, John},
 title = {Probabilistic Community Discovery Using Hierarchical Latent Gaussian Mixture Model},
 booktitle = {Proceedings of the 22Nd National Conference on Artificial Intelligence - Volume 1},
 series = {AAAI'07},
 year = {2007},
 isbn = {978-1-57735-323-2},
 location = {Vancouver, British Columbia, Canada},
 pages = {663--668},
 numpages = {6},
 url = {http://dl.acm.org/citation.cfm?id=1619645.1619752},
 acmid = {1619752},
 publisher = {AAAI Press},
} 

@inproceedings{Liu,
 author = {Liu, Yan and Niculescu-Mizil, Alexandru and Gryc, Wojciech},
 title = {Topic-link LDA: Joint Models of Topic and Author Community},
 booktitle = {Proceedings of the 26th Annual International Conference on Machine Learning},
 series = {ICML '09},
 year = {2009},
 isbn = {978-1-60558-516-1},
 location = {Montreal, Quebec, Canada},
 pages = {665--672},
 numpages = {8},
 url = {http://doi.acm.org/10.1145/1553374.1553460},
 doi = {10.1145/1553374.1553460},
 acmid = {1553460},
 publisher = {ACM},
 address = {New York, NY, USA},
} 

@inproceedings{Nallapati,
 author = {Nallapati, Ramesh M. and Ahmed, Amr and Xing, Eric P. and Cohen, William W.},
 title = {Joint Latent Topic Models for Text and Citations},
 booktitle = {Proceedings of the 14th ACM SIGKDD International Conference on Knowledge Discovery and Data Mining},
 series = {KDD '08},
 year = {2008},
 isbn = {978-1-60558-193-4},
 location = {Las Vegas, Nevada, USA},
 pages = {542--550},
 numpages = {9},
 url = {http://doi.acm.org/10.1145/1401890.1401957},
 doi = {10.1145/1401890.1401957},
 acmid = {1401957},
 publisher = {ACM},
 address = {New York, NY, USA},
 keywords = {LDA, PLSA, citations, hyperlinks, influence, topic models, variational inference},
}

@inproceedings{Ramage,
 author = {Ramage, Daniel and Hall, David and Nallapati, Ramesh and Manning, Christopher D.},
 title = {Labeled LDA: A Supervised Topic Model for Credit Attribution in Multi-labeled Corpora},
 booktitle = {Proceedings of the 2009 Conference on Empirical Methods in Natural Language Processing: Volume 1 - Volume 1},
 series = {EMNLP '09},
 year = {2009},
 isbn = {978-1-932432-59-6},
 location = {Singapore},
 pages = {248--256},
 numpages = {9},
 url = {http://dl.acm.org/citation.cfm?id=1699510.1699543},
 acmid = {1699543},
 publisher = {Association for Computational Linguistics},
 address = {Stroudsburg, PA, USA},
} 

@inproceedings{Phan,
 author = {Phan, Xuan-Hieu and Nguyen, Le-Minh and Horiguchi, Susumu},
 title = {Learning to Classify Short and Sparse Text \& Web with Hidden Topics from Large-scale Data Collections},
 booktitle = {Proceedings of the 17th International Conference on World Wide Web},
 series = {WWW '08},
 year = {2008},
 isbn = {978-1-60558-085-2},
 location = {Beijing, China},
 pages = {91--100},
 numpages = {10},
 url = {http://doi.acm.org/10.1145/1367497.1367510},
 doi = {10.1145/1367497.1367510},
 acmid = {1367510},
 publisher = {ACM},
 address = {New York, NY, USA},
 keywords = {sparse text, topic analysis, web data analysis/classification},
} 

@inproceedings{Yan,
 author = {Yan, Xiaohui and Guo, Jiafeng and Liu, Shenghua and Cheng, Xue-qi and Wang, Yanfeng},
 title = {Clustering Short Text Using Ncut-weighted Non-negative Matrix Factorization},
 booktitle = {Proceedings of the 21st ACM International Conference on Information and Knowledge Management},
 series = {CIKM '12},
 year = {2012},
 isbn = {978-1-4503-1156-4},
 location = {Maui, Hawaii, USA},
 pages = {2259--2262},
 numpages = {4},
 url = {http://doi.acm.org/10.1145/2396761.2398615},
 doi = {10.1145/2396761.2398615},
 acmid = {2398615},
 publisher = {ACM},
 address = {New York, NY, USA},
 keywords = {NMF, clustering, normalized cut, short text},
} 

@INPROCEEDINGS{yan2013learning,
  author = {Yan, Xiaohui and Guo, Jiafeng and Liu, Shenghua and Cheng, Xueqi and Wang, Yanfeng},
  title = {Learning Topics in Short Texts by Non-negative Matrix Factorization on Term Correlation Matrix},
  booktitle = {Proceedings of the SIAM International Conference on Data Mining},
  year = {2013}
 }

@book{sna,
  added-at = {2013-07-02T14:50:25.000+0200},
  author = {Wasserman, Stanley and Faust, Katherine},
  biburl = {http://www.bibsonomy.org/bibtex/27b1c3ba3ba7651ea77e67c4bdaf6ae5f/mjobst},
  interhash = {387e48dafbb99962c628d30bfe9aa527},
  intrahash = {7b1c3ba3ba7651ea77e67c4bdaf6ae5f},
  keywords = {},
  publisher = {Cambridge University Press},
  title = {Social network analysis: Methods and applications},
  url = {http://scholar.google.com/scholar.bib?q=info:gET6m8icitMJ:scholar.google.com/&output=citation&hl=en&as_sdt=0,5&as_vis=1&ct=citation&cd=0},
  volume = 8,
  year = 1994
}

@inproceedings{ba,
 author = {Benevenuto, Fabr\'{\i}cio and Rodrigues, Tiago and Cha, Meeyoung and Almeida, Virg\'{\i}lio},
 title = {Characterizing User Behavior in Online Social Networks},
 booktitle = {Proceedings of the 9th ACM SIGCOMM Conference on Internet Measurement Conference},
 series = {IMC '09},
 year = {2009},
 isbn = {978-1-60558-771-4},
 address = {Chicago, Illinois, USA},
 pages = {49--62},
 numpages = {14},
 url = {http://doi.acm.org/10.1145/1644893.1644900},
 doi = {10.1145/1644893.1644900},
 acmid = {1644900}, keywords = {browsing, clickstream, online social networks, session, silent activity, social network aggregator, user behavior},
} 


@article{friend_pred,
 author = {Aiello, Luca Maria and Barrat, Alain and Schifanella, Rossano and Cattuto, Ciro and Markines, Benjamin and Menczer, Filippo},
 title = {Friendship Prediction and Homophily in Social Media},
 journal = {ACM Transactions on the Web},
 issue_date = {May 2012},
 volume = {6},
 number = {2}, 
 year = {2012},
 issn = {1559-1131},
 pages = {9:1--9:33},
 articleno = {9},
 numpages = {33},
 url = {http://doi.acm.org/10.1145/2180861.2180866},
 doi = {10.1145/2180861.2180866},
 acmid = {2180866},
 publisher = {ACM},
 address = {New York, NY, USA},
 keywords = {Social media, collaborative tagging, folksonomies, homophily, link prediction, maximum Information path, social network, topical similarity},
} 

@incollection{am2,
  year={2011},
  isbn={978-1-4419-8461-6},
  booktitle={Social Network Data Analytics},
  editor={Aggarwal, Charu C.},
  doi={10.1007/978-1-4419-8462-3_5},
  title={Node Classification in Social Networks},
  url={http://dx.doi.org/10.1007/978-1-4419-8462-3_5},
  publisher={Springer US},
  keywords={Node classification; Graph labeling; Semi-supervised learning; Iterative methods},
  author={Bhagat, Smriti and Cormode, Graham and Muthukrishnan, S.},
  pages={115-148},
  language={English}
}


@article{com_det,
title = "Community detection in graphs ",
journal = "Physics Reports ",
volume = "486",
number = "3‚Äì5",
pages = "75 - 174",
year = "2010",
note = "",
issn = "0370-1573",
doi = "http://dx.doi.org/10.1016/j.physrep.2009.11.002",
url = "http://www.sciencedirect.com/science/article/pii/S0370157309002841",
author = "Santo Fortunato",
keywords = "Graphs",
keywords = "Clusters",
keywords = "Statistical physics "
}


@inproceedings{com_ev1,
 author = {Kumar, Ravi and Novak, Jasmine and Tomkins, Andrew},
 title = {Structure and Evolution of Online Social Networks},
 booktitle = {Proceedings of the 12th ACM SIGKDD International Conference on Knowledge Discovery and Data Mining},
 series = {KDD '06},
 year = {2006},
 isbn = {1-59593-339-5},
 location = {Philadelphia, PA, USA},
 pages = {611--617},
 numpages = {7},
 url = {http://doi.acm.org/10.1145/1150402.1150476},
 doi = {10.1145/1150402.1150476},
 acmid = {1150476},
 publisher = {ACM},
 address = {New York, NY, USA},
 keywords = {graph evolution, graph mining, small-world phenomenon, social networks, stars},
} 

@article{freeman,
author ="Freeman, L. C.",
title = "Visualizing Social Networks ",
journal = "Journal of Social Structure ",
number = "1",
year = "2000",

}

@article{blei2,
author ="D. Blei and J. Lafferty",
title = "Topic models ",
journal = "Text Mining: Theory and Applications",
year = "2009",

}


